@ARTICLE{hockett:origin:60,
  AUTHOR        = {Hockett, Charles F.},
  JOURNALTITLE  = {Scientific American},
  PAGES         = {89--96},
  TITLE         = {The origin of speech},
  VOLUME        = {203},
  YEAR          = {1960},
}

@INPROCEEDINGS{hockett:design:68,
  AUTHOR        = {Hockett, Charles F. and Altmann, Stuart A.},
  BOOKTITLE     = {Animal Communication: Techniques of Study and Results of Research},
  EDITOR        = {Sebeok, Thomas A.},
  PAGES         = {61--72},
  PUBLISHER     = {Indiana University Press},
  TITLE         = {A note on design features},
  YEAR          = {1968},
}

@BOOK{steiner:1998:babel,
  AUTHOR        = {Steiner, George},
  BOOKTITLE     = {After Babel: Aspects of Language and Translation},
  EDITION       = {3},
  KEYWORDS      = {translation},
  PUBLISHER     = {Oxford University Press},
  SLUG          = {babel},
  TITLE         = {After {B}abel: Aspects of Language and Translation},
  YEAR          = {1998},
}

@INCOLLECTION{kratzer:1981:notional,
  AUTHOR        = {Kratzer, Angelika},
  BOOKTITLE     = {Words, Worlds, and Contexts: New Approaches in Word Semantics},
  EDITOR        = {Eikmeyer, Hans-J{Ã¼}rgen and Rieser, Hannes},
  KEYWORDS      = {modality},
  LOCATION      = {Berlin},
  NUMBER        = {6},
  PAGES         = {38--74},
  PUBLISHER     = {de Gruyter},
  SERIES        = {Research in Text Theory},
  SLUG          = {notional},
  TITLE         = {The Notional Category of Modality},
  YEAR          = {1981},
}

@INCOLLECTION{kratzer:1991:modality,
  AUTHOR        = {Kratzer, Angelika},
  BOOKTITLE     = {Semantics: An International Handbook of Contemporary Research},
  EDITOR        = {von Stechow, Arnim and Wunderlich, Dieter},
  KEYWORDS      = {modality},
  LOCATION      = {Berlin},
  PAGES         = {639--650},
  PUBLISHER     = {de Gruyter},
  SLUG          = {modality},
  TITLE         = {Modality},
  URL           = {https://udrive.oit.umass.edu/kratzer/kratzer-modality.pdf},
  YEAR          = {1991},
}

@BOOK{lewis:plurality:1986,
  AUTHOR        = {Lewis, David},
  LOCATION      = {Oxford},
  PUBLISHER     = {Blackwell},
  TITLE         = {On the Plurality of Worlds},
  YEAR          = {1986},
}

@BOOK{lewis-langford:1932:symbolic,
  AUTHOR        = {Lewis, Clarence Irving and Langford, Cooper Harold},
  BOOKTITLE     = {Symbolic Logic},
  KEYWORDS      = {logic, modal logic, history},
  LOCATION      = {New York},
  PUBLISHER     = {Century},
  SLUG          = {symbolic},
  TITLE         = {Symbolic Logic},
  YEAR          = {1932},
}

@ARTICLE{barcan:1946:calculus,
  AUTHOR        = {Barcan, Ruth C.},
  DOI           = {10.2307/2269159},
  JOURNALTITLE  = {Journal of Symbolic Logic},
  KEYWORDS      = {logic, modal logic, history, symbols},
  NUMBER        = {1},
  PAGES         = {1-16},
  SLUG          = {calculus},
  TITLE         = {A Functional Calculus of First Order Based on Strict Implication},
  VOLUME        = {11},
  YEAR          = {1946},
}

@BOOK{hughes-cresswell:1968:introduction,
  AUTHOR        = {Hughes, G.E. and Cresswell, M.J.},
  BOOKTITLE     = {An Introduction to Modal Logic},
  LOCATION      = {London},
  PUBLISHER     = {Methuen},
  SLUG          = {introduction},
  TITLE         = {An Introduction to Modal Logic},
  YEAR          = {1968},
}

@BOOK{dowty-wall-peters:1981:intro,
  AUTHOR        = {Dowty, David and Wall, Robert and Peters, Stanley},
  PUBLISHER     = {Kluwer},
  SLUG          = {intro},
  TITLE         = {Introduction to {M}ontague Semantics},
  YEAR          = {1981},
}

@ARTICLE{spencer:1971:intension,
  AUTHOR        = {Spencer, Mary},
  DOI           = {10.1093/mind/LXXX.317.114},
  JOURNALTITLE  = {Mind},
  KEYWORDS      = {semantics, history, intension, terminology},
  NUMBER        = {317},
  PAGES         = {114-115},
  SLUG          = {intension},
  TITLE         = {Why the ``S'' in ``Intension''?},
  VOLUME        = {80},
  YEAR          = {1971},
}

@BOOK{carnap:1947:meaning-necessity,
  AUTHOR        = {Carnap, Rudolf},
  BOOKTITLE     = {Meaning and Necessity: A Study in Semantics and Modal Logic},
  KEYWORDS      = {semantics, history, intension, modal logic},
  LOCATION      = {Chicago},
  PUBLISHER     = {University of Chicago Press},
  SLUG          = {meaning-necessity},
  TITLE         = {Meaning and Necessity: A Study in Semantics and Modal Logic},
  YEAR          = {1947},
}

@ARTICLE{lewis:1970:general-semantics,
  AUTHOR        = {Lewis, David},
  DOI           = {10.1007/BF00413598},
  JOURNALTITLE  = {Synthese},
  KEYWORDS      = {semantics, performatives},
  NUMBER        = {1-2},
  PAGES         = {18-67},
  SLUG          = {general-semantics},
  TITLE         = {General Semantics},
  VOLUME        = {22},
  YEAR          = {1970},
}

@BOOK{cresswell:1973:logics,
  AUTHOR        = {Cresswell, Max},
  LOCATION      = {London},
  PUBLISHER     = {Methuen},
  SLUG          = {logics},
  TITLE         = {Logics and Languages},
  YEAR          = {1973},
}

@ARTICLE{lewis:1978:fiction,
  AUTHOR        = {Lewis, David},
  JOURNALTITLE  = {American Philosophical Quarterly},
  KEYWORDS      = {fiction, possible worlds},
  NOTE          = {Reprinted with postscripts in \citet{lewis:1983:philpapers-1}, pp. 261--280},
  NUMBER        = {1},
  PAGES         = {37--46},
  SLUG          = {fiction},
  TITLE         = {Truth in Fiction},
  URL           = {http://www.jstor.org/stable/20009693},
  VOLUME        = {15},
  YEAR          = {1978},
}

@BOOK{heim-kratzer:1998:semantics,
  AUTHOR        = {Heim, Irene and Kratzer, Angelika},
  BOOKTITLE     = {Semantics in Generative Grammar},
  KEYWORDS      = {semantics},
  LOCATION      = {Oxford},
  PUBLISHER     = {Blackwell},
  SLUG          = {semantics},
  TITLE         = {Semantics in Generative Grammar},
  YEAR          = {1998},
}

@BOOK{gamut:91,
  AUTHOR        = {Gamut, L. T. F.},
  PUBLISHER     = {Chicago University Press},
  TITLE         = {Logic, Language, and Meaning},
  YEAR          = {1991},
}

@BOOK{chierchia-mcconnell-ginet:2000:meaning-grammar,
  AUTHOR        = {Chierchia, Gennaro and McConnell-Ginet, Sally},
  PUBLISHER     = {MIT Press},
  SLUG          = {meaning-grammar},
  TITLE         = {Meaning and Grammar: An Introduction to Semantics (2{\textsuperscript{nd}} Edition)},
  YEAR          = {2000},
}

@INCOLLECTION{perry:1998:possible-worlds,
  AUTHOR        = {Perry, John R.},
  BOOKTITLE     = {Routledge Encyclopedia of Philosophy},
  EDITOR        = {Craig, E.},
  LOCATION      = {London},
  NOTE          = {Preprint \url{http://www-csli.stanford.edu/~john/PHILPAPERS/posswld.pdf}},
  PUBLISHER     = {Routledge},
  SLUG          = {possible-worlds},
  TITLE         = {Semantics, possible worlds},
  YEAR          = {1998},
}

@BOOK{kripke:naming:80,
  AUTHOR        = {Kripke, Saul},
  LOCATION      = {Oxford},
  PUBLISHER     = {Blackwell},
  TITLE         = {Naming and Necessity},
  YEAR          = {1980},
}

@ARTICLE{copeland:2002:genesis,
  AUTHOR        = {Copeland, B. Jack},
  DOI           = {10.1023/A:1015273407895},
  JOURNALTITLE  = {Journal of Philosophical Logic},
  KEYWORDS      = {modality, modal logic, possible worlds},
  NUMBER        = {2},
  PAGES         = {99-137},
  SLUG          = {genesis},
  TITLE         = {The Genesis of Possible Worlds Semantics},
  VOLUME        = {31},
  YEAR          = {2002},
}

@UNPUBLISHED{partee:2005:reflections,
  AUTHOR        = {Partee, Barbara H.},
  KEYWORDS      = {history},
  NOTE          = {ms. (longer version of introductory essay in 2004 book)},
  SLUG          = {reflections},
  TITLE         = {Reflections of a Formal Semanticist as of {F}eb 2005},
  URL           = {http://people.umass.edu/partee/docs/BHP_Essay_Feb05.pdf},
  YEAR          = {2005},
}

@INPROCEEDINGS{montague:1973:ptq,
  AUTHOR        = {Montague, Richard},
  BOOKTITLE     = {Approaches to Natural Language},
  EDITOR        = {Hintikka, Jaako and Moravcsik, Julius and Suppes, Patrick},
  KEYWORDS      = {semantics, history, Montague},
  LOCATION      = {Dordrecht},
  NOTE          = {Reprinted in \citet{portner-partee:2002:essential}, pp. 17--34},
  PAGES         = {221--242},
  PUBLISHER     = {Reidel},
  SLUG          = {ptq},
  TITLE         = {The Proper Treatment of Quantification in Ordinary {English}},
  URL           = {http://www.blackwellpublishing.com/content/BPL_Images/Content_store/Sample_chapter/9780631215417/Portner.pdf},
  YEAR          = {1973},
}

@BOOK{portner-partee:2002:essential,
  EDITOR        = {Portner, Paul and Partee, Barbara H.},
  LOCATION      = {Oxford},
  PUBLISHER     = {Blackwell},
  SLUG          = {essential},
  TITLE         = {Formal Semantics: The Essential Readings},
  YEAR          = {2002},
}

@INCOLLECTION{partee-hendriks:1997:hbll,
  AUTHOR        = {Partee, Barbara H. and Hendriks, Herman L.W.},
  BOOKTITLE     = {Handbook of Logic and Language},
  EDITOR        = {van Benthem, Johan and ter Meulen, Alice},
  PAGES         = {5-91},
  PUBLISHER     = {Elsevier},
  SLUG          = {hbll},
  TITLE         = {Montague Grammar},
  YEAR          = {1997},
}

@BOOK{lewis:1983:philpapers-1,
  AUTHOR        = {Lewis, David},
  BOOKTITLE     = {Philosophical Papers: Volume 1},
  LOCATION      = {Oxford},
  PUBLISHER     = {Oxford University Press},
  SLUG          = {philpapers-1},
  TITLE         = {Philosophical Papers: Volume 1},
  YEAR          = {1983},
}

@ARTICLE{bonomi-zucchi:2003:fiction,
  AUTHOR        = {Bonomi, Andrea and Zucchi, Sandro},
  DOI           = {10.1111/j.1746-8361.2003.tb00259.x},
  JOURNALTITLE  = {Dialectica},
  KEYWORDS      = {fiction},
  NOTE          = {Preprint \url{http://filosofia.dipafilo.unimi.it/~bonomi/Pragmatic.pdf}},
  NUMBER        = {2},
  PAGES         = {103-120},
  SLUG          = {fiction},
  TITLE         = {A Pragmatic Framework for Truth in Fiction},
  VOLUME        = {57},
  YEAR          = {2003},
}

@ARTICLE{hanley:2004:lewis-fiction,
  AUTHOR        = {Hanley, Richard},
  DOI           = {10.1080/713659790},
  JOURNALTITLE  = {Australasian Journal of Philosophy},
  KEYWORDS      = {fiction},
  NUMBER        = {1},
  PAGES         = {112-128},
  SLUG          = {lewis-fiction},
  TITLE         = {As Good As It Gets: {L}ewis on Truth in Fiction},
  VOLUME        = {82},
  YEAR          = {2004},
}

@ARTICLE{varzi:1997:inconsistency,
  AUTHOR        = {Varzi, Achille},
  DOI           = {10.1305/ndjfl/1039540773},
  JOURNALTITLE  = {Notre Dame Journal of Formal Logic},
  KEYWORDS      = {inconsistency},
  NUMBER        = {4},
  PAGES         = {621-638},
  SLUG          = {inconsistency},
  TITLE         = {Inconsistency without Contradiction},
  VOLUME        = {38},
  YEAR          = {1997},
}

@ARTICLE{lewis:1982:equivocators,
  AUTHOR        = {Lewis, David},
  DOI           = {10.2307/2216219},
  JOURNALTITLE  = {No{Ã»}s},
  KEYWORDS      = {ambiguity},
  NOTE          = {Reprinted in \citet[pp. 97--110]{lewis:1998:logic-papers}},
  NUMBER        = {3},
  PAGES         = {431--441},
  SLUG          = {equivocators},
  TITLE         = {Logic for Equivocators},
  VOLUME        = {16},
  YEAR          = {1982},
}

@BOOK{lewis:1998:logic-papers,
  AUTHOR        = {Lewis, David},
  LOCATION      = {Cambridge},
  PUBLISHER     = {Cambridge University Press},
  SLUG          = {logic-papers},
  TITLE         = {Papers in Philosophical Logic},
  YEAR          = {1998},
}

@INCOLLECTION{zucchi:2001:tense-fiction,
  AUTHOR        = {Zucchi, Sandro},
  BOOKTITLE     = {Semantic Interfaces: Reference, Anaphora and Aspect},
  EDITOR        = {Cecchetto, Carlo and Chierchia, Gennaro and Guasti, Maria Teresa},
  KEYWORDS      = {tense, fiction},
  PAGES         = {320-355},
  PUBLISHER     = {CSLI Publications},
  SLUG          = {tense-fiction},
  TITLE         = {Tense in Fiction},
  URL           = {http://tinyurl.com/5ulwxwg},
  YEAR          = {2001},
}

@BOOK{ross:1997:media,
  AUTHOR        = {Ross, Jeff},
  LOCATION      = {Dordrecht},
  NUMBER        = {64},
  PUBLISHER     = {Kluwer},
  SERIES        = {Studies in Linguistics and Philosophy (SLAP)},
  SLUG          = {media},
  TITLE         = {The Semantics of Media},
  YEAR          = {1997},
}

@ARTICLE{blumson:2009:pictures,
  AUTHOR        = {Blumson, Ben},
  DOI           = {10.1007/s11098-009-9337-2},
  JOURNALTITLE  = {Philosophical Studies},
  KEYWORDS      = {fiction},
  SLUG          = {pictures},
  TITLE         = {Pictures, Perspective and Possibility},
  YEAR          = {2009},
}

@INPROCEEDINGS{hintikka:1969:attitudes,
  AUTHOR        = {Hintikka, Jaako},
  BOOKTITLE     = {Philosophical Logic},
  EDITOR        = {Davis, J.W. and Hockney, D.J. and Wilson, W.K.},
  KEYWORDS      = {modality, attitudes},
  LOCATION      = {Dordrecht},
  PAGES         = {21--45},
  PUBLISHER     = {Reidel},
  SLUG          = {attitudes},
  TITLE         = {Semantics for Propositional Attitudes},
  YEAR          = {1969},
}

@BOOK{russell:1940:inquiry,
  AUTHOR        = {Russell, Bertrand},
  LOCATION      = {London},
  PUBLISHER     = {George Allen and Unwin},
  SLUG          = {inquiry},
  TITLE         = {An Inquiry into Meaning and Truth},
  YEAR          = {1940},
}

@INCOLLECTION{macfarlane:2005:logical-constants,
  AUTHOR        = {MacFarlane, John},
  BOOKTITLE     = {The Stanford Encyclopedia of Philosophy},
  EDITOR        = {Zalta, Edward N.},
  KEYWORDS      = {logic, logicality, Tarski, permutation-invariance},
  SLUG          = {logical-constants},
  TITLE         = {Logical Constants},
  URL           = {http://plato.stanford.edu/archives/win2005/entries/logical-constants/},
  YEAR          = {2005},
}

@BOOK{williamson:2000:limits,
  AUTHOR        = {Williamson, Timothy},
  BOOKTITLE     = {Knowledge and Its Limits},
  KEYWORDS      = {knowledge, modal logic},
  LOCATION      = {Oxford},
  PUBLISHER     = {Oxford University Press},
  SLUG          = {limits},
  TITLE         = {Knowledge and Its Limits},
  YEAR          = {2000},
}

@UNPUBLISHED{swanson:2009:hsk-attitudes,
  AUTHOR        = {Swanson, Eric},
  KEYWORDS      = {attitudes},
  NOTE          = {ms, prepared for \emph{Semantics: An international handbook of meaning}, edited by Klaus von Heusinger, Claudia Maienbon, and Paul Portner},
  SLUG          = {hsk-attitudes},
  TITLE         = {Propositional Attitudes},
  URL           = {http://tinyurl.com/swanson-attitudes},
  YEAR          = {2009},
}

@BOOK{hughes-cresswell:1996:new,
  AUTHOR        = {Hughes, G.E. and Cresswell, M.J.},
  BOOKTITLE     = {A New Introduction to Modal Logic},
  KEYWORDS      = {logic, modal logic},
  LOCATION      = {London},
  PUBLISHER     = {Routledge},
  SLUG          = {new},
  TITLE         = {A New Introduction to Modal Logic},
  YEAR          = {1996},
}

@INCOLLECTION{garson:2003:logic-modal,
  AUTHOR        = {Garson, James},
  BOOKTITLE     = {The {S}tanford Encyclopedia of Philosophy},
  EDITOR        = {Zalta, Edward N.},
  KEYWORDS      = {logic, modal logic},
  SLUG          = {logic-modal},
  TITLE         = {Modal Logic},
  URL           = {http://plato.stanford.edu/entries/logic-modal/},
  YEAR          = {2008},
}

@BOOK{stalnaker:1984:inquiry,
  AUTHOR        = {Stalnaker, Robert},
  KEYWORDS      = {conditionals, belief revision, attitudes},
  PUBLISHER     = {MIT Press},
  SLUG          = {inquiry},
  TITLE         = {Inquiry},
  YEAR          = {1984},
}

@BOOK{stalnaker:1999:contextandcontent,
  AUTHOR        = {Stalnaker, Robert},
  LOCATION      = {Oxford},
  PUBLISHER     = {Oxford University Press},
  SLUG          = {contextandcontent},
  TITLE         = {Context and Content},
  YEAR          = {1999},
}

@INCOLLECTION{steup:2008:knowledge,
  AUTHOR        = {Steup, Matthias},
  BOOKTITLE     = {The {S}tanford Encyclopedia of Philosophy},
  EDITION       = {Fall 2008},
  EDITOR        = {Zalta, Edward N.},
  KEYWORDS      = {knowledge, gettier},
  SLUG          = {knowledge},
  TITLE         = {The Analysis of Knowledge},
  URL           = {http://plato.stanford.edu/archives/fall2008/entries/knowledge-analysis/},
  YEAR          = {2008},
}

@ARTICLE{portner:1997:mood,
  AUTHOR        = {Portner, Paul},
  DOI           = {10.1023/A:1008280630142},
  JOURNALTITLE  = {Natural Language Semantics},
  KEYWORDS      = {modality, mood, subjunctive},
  NUMBER        = {2},
  PAGES         = {167--212},
  SLUG          = {mood},
  TITLE         = {The Semantics of Mood, Complementation, and Conversational Force},
  VOLUME        = {5},
  YEAR          = {1997},
}

@ARTICLE{kadmon-landman:1993:any,
  AUTHOR        = {Kadmon, Nirit and Landman, Fred},
  DOI           = {10.1007/BF00985272},
  JOURNALTITLE  = {Linguistics and Philosophy},
  KEYWORDS      = {negative polarity, NPI, any},
  NUMBER        = {4},
  PAGES         = {353-422},
  SLUG          = {any},
  TITLE         = {\emph{Any}},
  VOLUME        = {16},
  YEAR          = {1993},
}

@ARTICLE{fintel:1999:npi,
  ANNOTATION    = {Preprint \url{http://web.mit.edu/fintel/www/npi.pdf}},
  AUTHOR        = {von Fintel, Kai},
  DOI           = {10.1093/jos/16.2.97},
  JOURNALTITLE  = {Journal of Semantics},
  KEYWORDS      = {npi, strawson},
  NUMBER        = {2},
  PAGES         = {97-148},
  SLUG          = {npi},
  TITLE         = {{NPI} Licensing, {S}trawson Entailment, and Context Dependency},
  VOLUME        = {16},
  YEAR          = {1999},
}

@ARTICLE{giannakidou:1999:affective,
  AUTHOR        = {Giannakidou, Anastasia},
  DOI           = {10.1023/A:1005492130684},
  JOURNALTITLE  = {Linguistics and Philosophy},
  KEYWORDS      = {npi, indefinites},
  NUMBER        = {4},
  PAGES         = {367-421},
  SLUG          = {affective},
  TITLE         = {Affective Dependencies},
  VOLUME        = {22},
  YEAR          = {1999},
}

@UNPUBLISHED{kratzer:2006:decomposing,
  AUTHOR        = {Kratzer, Angelika},
  KEYWORDS      = {attitudes},
  NOTE          = {Handout from a talk honoring {A}nita {M}ittwoch on her 80th birthday at the {H}ebrew {U}niversity of {J}erusalem {J}uly 4, 2006},
  SLUG          = {decomposing},
  TITLE         = {Decomposing Attitude Verbs},
  URL           = {http://semanticsarchive.net/Archive/DcwY2JkM/attitude-verbs2006.pdf},
  YEAR          = {2006},
}

@ARTICLE{moulton:2008:wager,
  AUTHOR        = {Moulton, Keir},
  JOURNALTITLE  = {North East Linguistics Society ({NELS})},
  KEYWORDS      = {attitudes, complementation},
  SLUG          = {wager},
  TITLE         = {Clausal Complementation and the \emph{Wager}-Class},
  URL           = {http://sites.google.com/site/keirmoulton/Moultonnels2008wager.pdf},
  VOLUME        = {38},
  YEAR          = {2008},
}

@THESIS{moulton:2009:thesis,
  AUTHOR        = {Moulton, Keir},
  INSTITUTION   = {University of Massachusetts at Amherst},
  KEYWORDS      = {attitudes, complementation},
  SLUG          = {thesis},
  TITLE         = {Natural Selection and the Syntax of Clausal Complementation},
  TYPE          = {phdthesis},
  URL           = {http://scholarworks.umass.edu/open_access_dissertations/99/},
  YEAR          = {2009},
}

@ARTICLE{stephenson:2007:judge-lp,
  AUTHOR        = {Stephenson, Tamina},
  DOI           = {10.1007/s10988-008-9023-4},
  JOURNALTITLE  = {Linguistics and Philosophy},
  KEYWORDS      = {modality, taste, epistemic, relativism, CIA},
  NUMBER        = {4},
  PAGES         = {487-525},
  SLUG          = {judge-lp},
  TITLE         = {Judge Dependence, Epistemic Modals, and Predicates of Personal Taste},
  VOLUME        = {30},
  YEAR          = {2007},
}

@THESIS{stephenson:2007:thesis,
  AUTHOR        = {Stephenson, Tamina},
  INSTITUTION   = {Massachusetts Institute of Technology},
  KEYWORDS      = {modality, epistemic, attitudes, de se, CIA, relativism, conditionals, ntv},
  SLUG          = {thesis},
  TITLE         = {Towards a Theory of Subjective Meaning},
  TYPE          = {phdthesis},
  URL           = {http://semanticsarchive.net/Archive/2QxMjk0O/Stephenson-2007-thesis.pdf},
  YEAR          = {2007},
}

@THESIS{gajewski:2005:thesis,
  AUTHOR        = {Gajewski, Jon},
  DOI           = {1721.1/33696},
  INSTITUTION   = {Massachusetts Institute of Technology},
  KEYWORDS      = {presupposition, neg-raising},
  SLUG          = {thesis},
  TITLE         = {Neg-Raising: Polarity and Presupposition},
  TYPE          = {phdthesis},
  YEAR          = {2005},
}

@ARTICLE{gajewski:2007:neg-raising,
  AUTHOR        = {Gajewski, Jon},
  DOI           = {10.1007/s10988-007-9020-z},
  JOURNALTITLE  = {Linguistics and Philosophy},
  KEYWORDS      = {neg-raising, negative polarity, npi, presupposition},
  SLUG          = {neg-raising},
  TITLE         = {Neg-Raising and Polarity},
  YEAR          = {2007},
}

@ARTICLE{asher:1987:attitudes,
  AUTHOR        = {Asher, Nicholas},
  DOI           = {10.1007/BF00584317},
  JOURNALTITLE  = {Linguistics and Philosophy},
  KEYWORDS      = {attitudes, anaphora},
  NUMBER        = {2},
  PAGES         = {125-197},
  SLUG          = {attitudes},
  TITLE         = {A Typology for Attitude Verbs and Their Anaphoric Properties},
  VOLUME        = {10},
  YEAR          = {1987},
}

@ARTICLE{heim:1992:attitude,
  AUTHOR        = {Heim, Irene},
  DOI           = {10.1093/jos/9.3.183},
  JOURNALTITLE  = {Journal of Semantics},
  KEYWORDS      = {presupposition, projection, attitudes},
  NUMBER        = {3},
  PAGES         = {183-221},
  SLUG          = {attitude},
  TITLE         = {Presupposition Projection and the Semantics of Attitude Verbs},
  VOLUME        = {9},
  YEAR          = {1992},
}

@ARTICLE{geurts:1998:attitudes,
  AUTHOR        = {Geurts, Bart},
  DOI           = {10.1023/A:1005481821597},
  JOURNALTITLE  = {Linguistics and Philosophy},
  KEYWORDS      = {presupposition, anaphora, attitudes},
  NUMBER        = {6},
  PAGES         = {545-601},
  SLUG          = {attitudes},
  TITLE         = {Presuppositions and Anaphors in Attitude Contexts},
  VOLUME        = {21},
  YEAR          = {1998},
}

@INCOLLECTION{knuuttila:2003:modality-medieval,
  AUTHOR        = {Knuuttila, Simo},
  BOOKTITLE     = {The Stanford Encyclopedia of Philosophy},
  EDITOR        = {Zalta, Edward N.},
  KEYWORDS      = {modality, medieval, logic, history},
  SLUG          = {modality-medieval},
  TITLE         = {Medieval Theories of Modality},
  URL           = {http://plato.stanford.edu/archives/fall2003/entries/modality-medieval/},
  YEAR          = {2003},
}

@ARTICLE{barwise-cooper:1981:generalized,
  AUTHOR        = {Barwise, John and Cooper, Robin},
  DOI           = {10.1007/BF00350139},
  JOURNALTITLE  = {Linguistics and Philosophy},
  KEYWORDS      = {quantification},
  NUMBER        = {2},
  PAGES         = {159-219},
  SLUG          = {generalized},
  TITLE         = {Generalized Quantifiers and Natural Language},
  VOLUME        = {4},
  YEAR          = {1981},
}

@THESIS{horn:1972:dissertation,
  AUTHOR        = {Horn, Laurence R.},
  INSTITUTION   = {UCLA},
  KEYWORDS      = {implicatures},
  SLUG          = {dissertation},
  TITLE         = {On the Semantic Properties of the Logical Operators in {E}nglish},
  TYPE          = {phdthesis},
  YEAR          = {1972},
}

@ARTICLE{kratzer:1977:must-can,
  AUTHOR        = {Kratzer, Angelika},
  DOI           = {10.1007/BF00353453},
  JOURNALTITLE  = {Linguistics and Philosophy},
  KEYWORDS      = {modality},
  NUMBER        = {3},
  PAGES         = {337--355},
  SLUG          = {must-can},
  TITLE         = {What \emph{must} and \emph{can} Must and Can Mean},
  VOLUME        = {1},
  YEAR          = {1977},
}

@BOOK{kratzer:1978:dissertation,
  AUTHOR        = {Kratzer, Angelika},
  BOOKTITLE     = {Semantik der {R}ede: {K}ontexttheorie -- {M}odalw{Ã¶}rter -- {K}onditionals{Ã¤}tze},
  KEYWORDS      = {modality, conditionals},
  LOCATION      = {K{Ã¶}nigstein/Taunus},
  PUBLISHER     = {Scriptor},
  SLUG          = {dissertation},
  TITLE         = {Semantik der {R}ede: {K}ontexttheorie -- {M}odalw{Ã¶}rter -- {K}onditionals{Ã¤}tze},
  YEAR          = {1978},
}

@ARTICLE{stanley-szabo:2000:restriction,
  AUTHOR        = {Stanley, Jason and Szab{Ã³}, Zolt{Ã¡}n Gendler},
  DOI           = {10.1111/1468-0017.00130},
  JOURNALTITLE  = {Mind and Language},
  KEYWORDS      = {quantification, domain, pragmatics, context},
  NUMBER        = {2/3},
  PAGES         = {219-261},
  SLUG          = {restriction},
  TITLE         = {On Quantifier Domain Restriction},
  VOLUME        = {15},
  YEAR          = {2000},
}

@ARTICLE{dowty:1982:time-adverbs,
  AUTHOR        = {Dowty, David R.},
  DOI           = {10.1007/BF00390692},
  JOURNALTITLE  = {Linguistics and Philosophy},
  KEYWORDS      = {tense, compositionality, adverbs},
  NUMBER        = {1},
  PAGES         = {23-55},
  SLUG          = {time-adverbs},
  TITLE         = {Tenses, Time Adverbs, and Compositional Semantic Theory},
  VOLUME        = {5},
  YEAR          = {1982},
}

@BOOK{portner:2009:modality-book,
  AUTHOR        = {Portner, Paul},
  BOOKTITLE     = {Modality},
  KEYWORDS      = {modality},
  PUBLISHER     = {Oxford University Press},
  SLUG          = {modality-book},
  TITLE         = {Modality},
  YEAR          = {2009},
}

@INCOLLECTION{fintel:2005:modality,
  AUTHOR        = {von Fintel, Kai},
  BOOKTITLE     = {Encyclopedia of Philosophy -- Second Edition},
  EDITOR        = {Borchert, Donald M.},
  KEYWORDS      = {modality},
  PUBLISHER     = {MacMillan},
  SLUG          = {modality},
  TITLE         = {Modality and Language},
  URL           = {http://mit.edu/fintel/fintel-2005-modality.pdf},
  YEAR          = {2005},
}

@INCOLLECTION{fintel-gillies:2007:ose2,
  AUTHOR        = {von Fintel, Kai and Gillies, Anthony S.},
  BOOKTITLE     = {Oxford Studies in Epistemology: Volume 2},
  EDITOR        = {Gendler, Tamar Szab{Ã³} and Hawthorne, John},
  KEYWORDS      = {modality, epistemic, dynamic semantics},
  PAGES         = {32-62},
  PUBLISHER     = {Oxford University Press},
  SLUG          = {ose2},
  TITLE         = {An Opinionated Guide to Epistemic Modality},
  URL           = {http://mit.edu/fintel/fintel-gillies-2007-ose2.pdf},
  YEAR          = {2007},
}

@ARTICLE{swanson:2008:modality,
  AUTHOR        = {Swanson, Eric},
  DOI           = {10.1111/j.1747-9991.2008.00177.x},
  JOURNALTITLE  = {Philosophy Compass},
  KEYWORDS      = {modality},
  NUMBER        = {6},
  PAGES         = {1193-1207},
  SLUG          = {modality},
  TITLE         = {Modality in Language},
  VOLUME        = {3},
  YEAR          = {2008},
}

@UNPUBLISHED{hacquard:2009:hsk-modality,
  AUTHOR        = {Hacquard, Valentine},
  KEYWORDS      = {modality, aspect},
  NOTE          = {ms, prepared for \emph{Semantics: An international handbook of meaning}, edited by Klaus von Heusinger, Claudia Maienbon, and Paul Portner},
  SLUG          = {hsk-modality},
  TITLE         = {Modality},
  URL           = {http://ling.umd.edu/~hacquard/papers/HoS_Modality_Hacquard.pdf},
  YEAR          = {2009},
}

@INCOLLECTION{bhatt:1997:haveto,
  AUTHOR        = {Bhatt, Rajesh},
  BOOKTITLE     = {Papers from the UPenn/MIT Roundtable on Argument Structure and Aspect},
  EDITOR        = {Harley, Heidi},
  KEYWORDS      = {modality, possession, deontic, obligation, have-to},
  PAGES         = {21-40},
  SERIES        = {MIT Working Papers in Linguistics},
  SLUG          = {haveto},
  TITLE         = {Obligation and Possession},
  URL           = {http://people.umass.edu/bhatt/papers/bhatt-haveto.pdf},
  VOLUME        = {32},
  YEAR          = {1997},
}

@ARTICLE{wurmbrand:1999:raising,
  AUTHOR        = {Wurmbrand, Susi},
  JOURNALTITLE  = {West Coast Conference on Formal Linguistics ({WCCFL})},
  KEYWORDS      = {modality, syntax, raising, control},
  PAGES         = {599--612},
  SLUG          = {raising},
  TITLE         = {Modal Verbs Must Be Raising Verbs},
  URL           = {http://citeseerx.ist.psu.edu/viewdoc/download?doi=10.1.1.35.7442&rep=rep1&type=pdf},
  VOLUME        = {18},
  YEAR          = {1999},
}

@INCOLLECTION{cormack-smith:2002:modals,
  AUTHOR        = {Cormack, Annabel and Smith, Neil},
  BOOKTITLE     = {Modality and its Interaction with the Verbal System},
  EDITOR        = {Barbiers, Sjef and Beukema, Frits and van der Wurff, Wim},
  KEYWORDS      = {modality, syntax, negation},
  LOCALNOTE     = {Preprint \url{http://semantics-online.org/topics04/cormack-smith.modals-negation.pdf}},
  PAGES         = {133-163},
  PUBLISHER     = {Benjamins},
  SLUG          = {modals},
  TITLE         = {Modals and negation in {E}nglish},
  YEAR          = {2002},
}

@ARTICLE{butler:2003:modality,
  AUTHOR        = {Butler, Jonny},
  DOI           = {10.1016/S0024-3841(02)00146-8},
  JOURNALTITLE  = {Lingua},
  KEYWORDS      = {modality, syntax},
  NUMBER        = {10},
  PAGES         = {967-996},
  SLUG          = {modality},
  TITLE         = {A Minimalist Treatment of Modality},
  VOLUME        = {113},
  YEAR          = {2003},
}

@ARTICLE{fintel-iatridou:2003:ec,
  ANNOTATION    = {Offprint: \url{http://mit.edu/fintel/www/ec.pdf}},
  AUTHOR        = {von Fintel, Kai and Iatridou, Sabine},
  DOI           = {10.1162/002438903321663370},
  JOURNALTITLE  = {Linguistic Inquiry},
  KEYWORDS      = {modality, quantifiers, scope},
  NUMBER        = {2},
  PAGES         = {173--198},
  SLUG          = {ec},
  TITLE         = {Epistemic Containment},
  VOLUME        = {34},
  YEAR          = {2003},
}

@THESIS{hacquard:2006:dissertation,
  AUTHOR        = {Hacquard, Valentine},
  INSTITUTION   = {Massachusetts Institute of Technology},
  KEYWORDS      = {modality, aspect, actuality entailments, perfective, imperfective},
  SLUG          = {dissertation},
  TITLE         = {Aspects of Modality},
  TYPE          = {phdthesis},
  URL           = {http://people.umass.edu/hacquard/hacquard_thesis.pdf},
  YEAR          = {2006},
}

@THESIS{nauze:2008:thesis,
  AUTHOR        = {Nauze, Fabrice},
  INSTITUTION   = {Universiteit van Amsterdam},
  KEYWORDS      = {modality},
  SLUG          = {thesis},
  TITLE         = {Modality in Typological Perspective},
  TYPE          = {phdthesis},
  URL           = {http://www.illc.uva.nl/Publications/Dissertations/DS-2008-08.text.pdf},
  YEAR          = {2008},
}

@ARTICLE{hacking:1967:possibility,
  AUTHOR        = {Hacking, Ian},
  DOI           = {10.2307/2183640},
  JOURNALTITLE  = {The Philosophical Review},
  KEYWORDS      = {modality, epistemic},
  NUMBER        = {2},
  PAGES         = {143--168},
  SLUG          = {possibility},
  TITLE         = {Possibility},
  URL           = {http://www.jstor.org/stable/2183640},
  VOLUME        = {76},
  YEAR          = {1967},
}

@ARTICLE{teller:1972:epistemic,
  AUTHOR        = {Teller, Paul},
  DOI           = {10.1007/BF02381591},
  JOURNALTITLE  = {Philosophia},
  KEYWORDS      = {modality, epistemic},
  NUMBER        = {4},
  PAGES         = {302--320},
  SLUG          = {epistemic},
  TITLE         = {Epistemic Possibility},
  VOLUME        = {2},
  YEAR          = {1972},
}

@ARTICLE{derose:1991:epistemic,
  AUTHOR        = {DeRose, Keith},
  DOI           = {10.2307/2185175},
  JOURNALTITLE  = {The Philosophical Review},
  KEYWORDS      = {modality, epistemic},
  NUMBER        = {4},
  PAGES         = {581--605},
  SLUG          = {epistemic},
  TITLE         = {Epistemic Possibilities},
  VOLUME        = {100},
  YEAR          = {1991},
}

@INCOLLECTION{egan-hawthorne-weatherson:2005:epistemic,
  AUTHOR        = {Egan, Andy and Hawthorne, John and Weatherson, Brian},
  BOOKTITLE     = {Contextualism in Philosophy: Knowledge, Meaning, and Truth},
  EDITOR        = {Preyer, Gerhard and Peter, Georg},
  KEYWORDS      = {modality, epistemic},
  LOCATION      = {Oxford},
  PAGES         = {131-170},
  PUBLISHER     = {Oxford University Press},
  SLUG          = {epistemic},
  TITLE         = {Epistemic Modals in Context},
  YEAR          = {2005},
}

@ARTICLE{egan:2007:epistemic,
  AUTHOR        = {Egan, Andy},
  DOI           = {10.1007/s11098-006-9003-x},
  JOURNALTITLE  = {Philosophical Studies},
  KEYWORDS      = {modality, epistemic, CIA, relativism, assertion},
  NUMBER        = {1},
  PAGES         = {1-22},
  SLUG          = {epistemic},
  TITLE         = {Epistemic Modals, Relativism, and Assertion},
  VOLUME        = {133},
  YEAR          = {2007},
}

@UNPUBLISHED{macfarlane:2006:might,
  AUTHOR        = {MacFarlane, John},
  KEYWORDS      = {modality, epistemic},
  NOTE          = {ms, University of California, Berkeley, forthcoming in an OUP volume on epistemic modals, edited by Brian Weatherson and Andy Egan},
  SLUG          = {might},
  TITLE         = {Epistemic Modals are Assessment-Sensitive},
  URL           = {http://sophos.berkeley.edu/macfarlane/epistmod.pdf},
  YEAR          = {2006},
}

@UNPUBLISHED{hawthorne:2007:danger,
  AUTHOR        = {Hawthorne, John},
  KEYWORDS      = {modality, epistemic, CIA, relativism},
  NOTE          = {ms, Rutgers University, to appear in the proceedings of the 2007 Sofia Conference in Mexico, in a supplement to \emph{No{Ã»}s}},
  SLUG          = {danger},
  TITLE         = {Eavesdroppers and Epistemic Modals},
  YEAR          = {2007},
}

@ARTICLE{fintel-gillies:2008:cia-leaks,
  AUTHOR        = {von Fintel, Kai and Gillies, Anthony S.},
  DOI           = {10.1215/00318108-2007-025},
  JOURNALTITLE  = {The Philosophical Review},
  KEYWORDS      = {modality, epistemic, relativism, CIA},
  NUMBER        = {1},
  PAGES         = {77-98},
  SLUG          = {cia-leaks},
  TITLE         = {{CIA} Leaks},
  VOLUME        = {117},
  YEAR          = {2008},
}

@UNPUBLISHED{fintel-gillies:2008:mmr,
  AUTHOR        = {von Fintel, Kai and Gillies, Anthony S.},
  KEYWORDS      = {modality, epistemic},
  NOTE          = {To appear in a volume on epistemic modality, edited by Andy Egan and Brian Weatherson, Oxford University Press},
  SLUG          = {mmr},
  TITLE         = {\emph{Might} Made Right},
  URL           = {http://mit.edu/fintel/fintel-gillies-2008-mmr.pdf},
  YEAR          = {2008},
}

@ARTICLE{anand-hacquard:2008:epistemics,
  AUTHOR        = {Anand, Pranav and Hacquard, Valentine},
  DOI           = {1813/13025},
  JOURNALTITLE  = {Semantics and Linguistic Theory ({SALT})},
  KEYWORDS      = {attitudes, modality, epistemic},
  SLUG          = {epistemics},
  TITLE         = {Epistemics with Attitude},
  VOLUME        = {18},
  YEAR          = {2008},
}

@ARTICLE{willett:1988:evidentials,
  AUTHOR        = {Willett, Thomas},
  JOURNALTITLE  = {Studies in Language},
  KEYWORDS      = {modality, evidentials},
  NUMBER        = {1},
  PAGES         = {51-97},
  SLUG          = {evidentials},
  TITLE         = {A Cross-Linguistic Survey of the Grammaticalization of Evidentiality},
  VOLUME        = {12},
  YEAR          = {1988},
}

@BOOK{aikhenvald:2004:evidentiality,
  AUTHOR        = {Aikhenvald, Alexandra Y.},
  BOOKTITLE     = {Evidentiality},
  KEYWORDS      = {evidentials, typology, cross-linguistic},
  LOCATION      = {Oxford},
  PUBLISHER     = {Oxford University Press},
  SLUG          = {evidentiality},
  TITLE         = {Evidentiality},
  YEAR          = {2004},
}

@UNPUBLISHED{drubig:2001:epistemic,
  AUTHOR        = {Drubig, Hans Bernhard},
  KEYWORDS      = {modality, epistemic, evidentials, syntax},
  NOTE          = {ms, Universit{Ã¤}t T{Ã¼}bingen},
  SLUG          = {epistemic},
  TITLE         = {On the Syntactic Form of Epistemic Modality},
  URL           = {http://www.sfb441.uni-tuebingen.de/b2/papers/DrubigModality.pdf},
  YEAR          = {2001},
}

@ARTICLE{blain-dechaine:2007:evidentials,
  AUTHOR        = {Blain, Eleanor M. and D{Ã©}chaine, Rose-Marie},
  DOI           = {10.1086/521728},
  JOURNALTITLE  = {International Journal of American Linguistics},
  KEYWORDS      = {modality, evidentials},
  NUMBER        = {3},
  PAGES         = {257-291},
  SLUG          = {evidentials},
  TITLE         = {Evidential Types: Evidence from {C}ree Dialects},
  VOLUME        = {73},
  YEAR          = {2007},
}

@ARTICLE{mccready-ogata:2007:evidentials,
  AUTHOR        = {McCready, Eric and Ogata, Norry},
  DOI           = {10.1007/s10988-007-9017-7},
  JOURNALTITLE  = {Linguistics and Philosophy},
  KEYWORDS      = {modality, evidentials, probability, Japanese, dynamic semantics},
  NUMBER        = {2},
  PAGES         = {147-206},
  SLUG          = {evidentials},
  TITLE         = {Evidentiality, Modality and Probability},
  VOLUME        = {30},
  YEAR          = {2007},
}

@ARTICLE{speas:2008:evidentials,
  AUTHOR        = {Speas, Peggy},
  DOI           = {10.1111/j.1749-818X.2008.00069.x},
  JOURNALTITLE  = {Language and Linguistics Compass},
  KEYWORDS      = {evidentials},
  NUMBER        = {5},
  PAGES         = {940-965},
  SLUG          = {evidentials},
  TITLE         = {On the Syntax and Semantics of Evidentials},
  VOLUME        = {2},
  YEAR          = {2008},
}

@ARTICLE{fintel-gillies:2010:mss,
  AUTHOR        = {von Fintel, Kai and Gillies, Anthony S.},
  DOI           = {10.1007/s11050-010-9058-2},
  JOURNALTITLE  = {Natural Language Semantics},
  KEYWORDS      = {modality, evidentials},
  NUMBER        = {4},
  PAGES         = {351-383},
  SLUG          = {mss},
  TITLE         = {\emph{Must} â¦Stay â¦Strong!},
  VOLUME        = {18},
  YEAR          = {2010},
}

@ARTICLE{kamp:1973:freechoice,
  AUTHOR        = {Kamp, Hans},
  JOURNALTITLE  = {Proceedings of the Aristotelian Society, New Series},
  KEYWORDS      = {modality, freechoice, permission},
  PAGES         = {57-74},
  SLUG          = {freechoice},
  TITLE         = {Free Choice Permission},
  URL           = {http://www.jstor.org/stable/4544849},
  VOLUME        = {74},
  YEAR          = {1973},
}

@ARTICLE{zimmermann:2000:fc-disjunction,
  AUTHOR        = {Zimmermann, Thomas Ede},
  DOI           = {10.1023/A:1011255819284},
  JOURNALTITLE  = {Natural Language Semantics},
  KEYWORDS      = {disjunction, free choice, permission, epistemic, modality},
  NUMBER        = {4},
  PAGES         = {255-290},
  SLUG          = {fc-disjunction},
  TITLE         = {Free Choice Disjunction and Epistemic Possibility},
  VOLUME        = {8},
  YEAR          = {2000},
}

@ARTICLE{schulz:2005:fcp-synthese,
  AUTHOR        = {Schulz, Katrin},
  DOI           = {10.1007/s11229-005-1353-y},
  JOURNALTITLE  = {Synthese},
  KEYWORDS      = {permission, free choice},
  NUMBER        = {2},
  PAGES         = {343-377},
  SLUG          = {fcp-synthese},
  TITLE         = {A Pragmatic Solution for the Paradox of Free Choice Permission},
  VOLUME        = {147},
  YEAR          = {2005},
}

@ARTICLE{aloni:2007:freechoice,
  AUTHOR        = {Aloni, Maria},
  DOI           = {10.1007/s11050-007-9010-2},
  JOURNALTITLE  = {Natural Language Semantics},
  KEYWORDS      = {imperatives, free choice, disjunction, alternatives, modality, indefinites},
  NUMBER        = {1},
  PAGES         = {65-94},
  SLUG          = {freechoice},
  TITLE         = {Free Choice, Modals, and Imperatives},
  VOLUME        = {15},
  YEAR          = {2007},
}

@THESIS{alonso-ovalle:2006:thesis,
  AUTHOR        = {Alonso-Ovalle, Luis},
  INSTITUTION   = {University of Massachusetts at Amherst},
  KEYWORDS      = {disjunction, conditionals, modality, free choice},
  SLUG          = {thesis},
  TITLE         = {Disjunction in Alternative Semantics},
  TYPE          = {phdthesis},
  URL           = {http://alonso-ovalle.net/index.php?page_id=28},
  YEAR          = {2006},
}

@INCOLLECTION{fox:2007:freechoice,
  AUTHOR        = {Fox, Danny},
  BOOKTITLE     = {Presupposition and Implicature in Compositional Semantics},
  EDITOR        = {Sauerland, Uli and Stateva, Penka},
  KEYWORDS      = {implicatures, free choice},
  LOCATION      = {New York},
  PAGES         = {537--586},
  PUBLISHER     = {Palgrave Macmillan},
  SLUG          = {freechoice},
  TITLE         = {Free Choice and the Theory of Scalar Implicatures},
  URL           = {http://web.mit.edu/linguistics/people/faculty/fox/free_choice.pdf},
  YEAR          = {2007},
}

@ARTICLE{rooij:2006:donkeys,
  AUTHOR        = {van Rooij, Robert},
  DOI           = {10.1093/jos/ffl004},
  JOURNALTITLE  = {Journal of Semantics},
  KEYWORDS      = {conditionals, counterfactuals, free choice, anaphora, negative polarity},
  NUMBER        = {4},
  PAGES         = {383-402},
  SLUG          = {donkeys},
  TITLE         = {Free Choice Counterfactual Donkeys},
  VOLUME        = {23},
  YEAR          = {2006},
}

@BOOK{sextus-empiricus:200:outlines,
  AUTHOR        = {{Sextus Empiricus}},
  BOOKTITLE     = {Outlines of Pyrrhonism},
  KEYWORDS      = {philosophy, conditionals},
  SLUG          = {outlines},
  TITLE         = {Outlines of Pyrrhonism},
  YEAR          = {c. 200},
}

@UNPUBLISHED{suber:1997:material,
  AUTHOR        = {Suber, Peter},
  KEYWORDS      = {conditionals, material implication, logic},
  NOTE          = {An electronic hand-out for the course ``Symbolic Logic''},
  SLUG          = {material},
  TITLE         = {Paradoxes of Material Implication},
  URL           = {http://www.earlham.edu/~peters/courses/log/mat-imp.htm},
  YEAR          = {1997},
}

@BOOK{peano:1889:nova,
  AUTHOR        = {Peano, Giuseppe},
  BOOKTITLE     = {Arithmetices Principia: Nova Methodo Exposita},
  LOCATION      = {Torino},
  PUBLISHER     = {Bocca},
  SLUG          = {nova},
  TITLE         = {Arithmetices Principia: Nova Methodo Exposita},
  YEAR          = {1889},
}

@ARTICLE{gergonne:1817:essai,
  AUTHOR        = {Gergonne, Joseph Diaz},
  JOURNALTITLE  = {Annales de Math{Ã©}matiques Pures et Appliqu{Ã©}es},
  KEYWORDS      = {logic, history, diagrams},
  PAGES         = {189--228},
  SLUG          = {essai},
  TITLE         = {Essai de Dialectique Rationnelle},
  URL           = {http://archive.numdam.org/article/AMPA_1816-1817__7__189_0.pdf},
  VOLUME        = {7},
  YEAR          = {1817},
}

@INPROCEEDINGS{lewis:1975:adverbs,
  AUTHOR        = {Lewis, David},
  BOOKTITLE     = {Formal Semantics of Natural Language},
  EDITOR        = {Keenan, Edward},
  KEYWORDS      = {conditionals},
  PAGES         = {3--15},
  PUBLISHER     = {Cambridge University Press},
  SLUG          = {adverbs},
  TITLE         = {Adverbs of Quantification},
  YEAR          = {1975},
}

@ARTICLE{kratzer:1986:conditionals,
  AUTHOR        = {Kratzer, Angelika},
  JOURNALTITLE  = {Chicago Linguistics Society},
  KEYWORDS      = {conditionals},
  NUMBER        = {2},
  PAGES         = {1--15},
  SLUG          = {conditionals},
  TITLE         = {Conditionals},
  URL           = {https://udrive.oit.umass.edu/kratzer/kratzer-conditionals.pdf},
  VOLUME        = {22},
  YEAR          = {1986},
}

@UNPUBLISHED{fintel:2009:hsk-conditionals,
  AUTHOR        = {von Fintel, Kai},
  KEYWORDS      = {conditionals},
  NOTE          = {ms, prepared for \emph{Semantics: An international handbook of meaning}, edited by Klaus von Heusinger, Claudia Maienborn, and Paul Portner},
  SLUG          = {hsk-conditionals},
  TITLE         = {Conditionals},
  URL           = {http://mit.edu/fintel/fintel-2009-hsk-conditionals.pdf},
  YEAR          = {2009},
}

@ARTICLE{edgington:1995:conditionals,
  ANNOTATION    = {Defective DOI: 10.1093/mind/104.414.235},
  AUTHOR        = {Edgington, Dorothy},
  JOURNALTITLE  = {Mind},
  KEYWORDS      = {conditionals},
  NUMBER        = {414},
  PAGES         = {235-329},
  SLUG          = {conditionals},
  TITLE         = {On Conditionals},
  URL           = {10.1093/mind/104.414.235},
  VOLUME        = {104},
  YEAR          = {1995},
}

@BOOK{bennett:2003:guide,
  AUTHOR        = {Bennett, Jonathan},
  BOOKTITLE     = {A Philosophical Guide to Conditionals},
  KEYWORDS      = {conditionals, ntv},
  PUBLISHER     = {Oxford University Press},
  SLUG          = {guide},
  TITLE         = {A Philosophical Guide to Conditionals},
  YEAR          = {2003},
}

@INPROCEEDINGS{nute:1984:conditional,
  AUTHOR        = {Nute, Donald},
  BOOKTITLE     = {Handbook of Philosophical Logic. Volume II},
  EDITOR        = {Gabbay, Dov and Guenthner, Franz},
  KEYWORDS      = {conditionals, logic},
  LOCATION      = {Dordrecht},
  PAGES         = {387-439},
  PUBLISHER     = {Reidel},
  SLUG          = {conditional},
  TITLE         = {Conditional Logic},
  YEAR          = {1984},
}

@BOOK{lewis:1973:counterfactuals,
  AUTHOR        = {Lewis, David},
  KEYWORDS      = {conditionals, counterfactuals},
  LOCATION      = {Oxford},
  PUBLISHER     = {Blackwell},
  SLUG          = {counterfactuals},
  TITLE         = {Counterfactuals},
  YEAR          = {1973},
}

@INCOLLECTION{stalnaker:1968:theory,
  AUTHOR        = {Stalnaker, Robert},
  BOOKTITLE     = {Studies in Logical Theory},
  EDITOR        = {Rescher, Nicholas},
  KEYWORDS      = {conditionals, counterfactuals},
  LOCATION      = {Oxford},
  NUMBER        = {2},
  PAGES         = {98--112},
  PUBLISHER     = {Blackwell},
  SERIES        = {American Philosophical Quarterly Monograph Series},
  SLUG          = {theory},
  TITLE         = {A Theory of Conditionals},
  YEAR          = {1968},
}

@ARTICLE{stalnaker:1975:indicative,
  AUTHOR        = {Stalnaker, Robert},
  DOI           = {10.1007/BF02379021},
  JOURNALTITLE  = {Philosophia},
  KEYWORDS      = {conditionals, indicative, common ground},
  NUMBER        = {3},
  PAGES         = {269--286},
  SLUG          = {indicative},
  TITLE         = {Indicative Conditionals},
  VOLUME        = {5},
  YEAR          = {1975},
}

@ARTICLE{fintel:1998:qandif,
  AUTHOR        = {von Fintel, Kai},
  DOI           = {10.1111/1467-9213.00095},
  JOURNALTITLE  = {The Philosophical Quarterly},
  KEYWORDS      = {conditionals, quantification},
  NUMBER        = {191},
  PAGES         = {209-214},
  SLUG          = {qandif},
  TITLE         = {Quantifiers and `If'-Clauses},
  URL           = {http://mit.edu/fintel/www/qandif.pdf},
  VOLUME        = {48},
  YEAR          = {1998},
}

@UNPUBLISHED{fintel-iatridou:2002:ifwhen,
  ANNOTATION    = {Contribution to the Workshop in Philosophy and Lingustics at the University of Michigan, November 8---10, 2002.},
  AUTHOR        = {von Fintel, Kai and Iatridou, Sabine},
  KEYWORDS      = {conditionals, quantifiers},
  NOTE          = {ms, MIT},
  SLUG          = {ifwhen},
  TITLE         = {If and When \emph{If}-Clauses Can Restrict Quantifiers},
  URL           = {http://mit.edu/fintel/fintel-iatridou-2002-ifwhen.pdf},
  YEAR          = {2002},
}

@ARTICLE{higginbotham:2003:conditionals,
  AUTHOR        = {Higginbotham, James},
  DOI           = {10.1111/j.1520-8583.2003.00008.x},
  JOURNALTITLE  = {Philosophical Perspectives},
  KEYWORDS      = {conditionals, compositionality},
  NUMBER        = {1},
  PAGES         = {181-194},
  SLUG          = {conditionals},
  TITLE         = {Conditionals and Compositionality},
  VOLUME        = {17},
  YEAR          = {2003},
}

@INCOLLECTION{leslie:2009:unless,
  AUTHOR        = {Leslie, Sarah-Jane},
  BOOKTITLE     = {Compositionality, Context and Semantic Values: Essays in Honour of {E}rnie {L}epore},
  DOI           = {10.1007/978-1-4020-8310-5_1},
  EDITOR        = {Stainton, Robert J. and Viger, Christopher},
  KEYWORDS      = {conditionals, quantification, compositionality, modality, CEM},
  PAGES         = {3-30},
  PUBLISHER     = {Springer},
  SLUG          = {unless},
  TITLE         = {\emph{If}, \emph{unless}, and Quantification},
  YEAR          = {2009},
}

@UNPUBLISHED{huitink:2009:quantified-conditionals,
  AUTHOR        = {Huitink, Janneke},
  KEYWORDS      = {conditionals, quantification},
  NOTE          = {ms, to appear in \emph{Language and Linguistics Compass}},
  SLUG          = {quantified-conditionals},
  TITLE         = {Quantified Conditionals and Compositionality},
  URL           = {http://user.uni-frankfurt.de/~huitink/compass-conditionals-final.pdf},
  YEAR          = {2009},
}

@THESIS{fintel:1994:thesis,
  AUTHOR        = {von Fintel, Kai},
  INSTITUTION   = {University of Massachusetts},
  KEYWORDS      = {quantification, restrictions, context, presupposition, focus, topic},
  LOCATION      = {Amherst, MA},
  SLUG          = {thesis},
  TITLE         = {Restrictions on Quantifier Domains},
  TYPE          = {phdthesis},
  URL           = {http://semanticsarchive.net/Archive/jA3N2IwN/fintel-1994-thesis.pdf},
  YEAR          = {1994},
}

@ARTICLE{iatridou:1993:then,
  AUTHOR        = {Iatridou, Sabine},
  DOI           = {10.1007/BF01256742},
  JOURNALTITLE  = {Natural Language Semantics},
  KEYWORDS      = {conditionals, then},
  NUMBER        = {3},
  PAGES         = {171-199},
  SLUG          = {then},
  TITLE         = {On the Contribution of Conditional \emph{Then}},
  VOLUME        = {2},
  YEAR          = {1993},
}

@INCOLLECTION{bhatt-pancheva:2006:conditionals,
  AUTHOR        = {Bhatt, Rajesh and Pancheva, Roumyana},
  BOOKTITLE     = {The {B}lackwell Companion to Syntax},
  KEYWORDS      = {conditionals, syntax},
  PAGES         = {638-687},
  PUBLISHER     = {Blackwell},
  SLUG          = {conditionals},
  TITLE         = {Conditionals},
  URL           = {http://www-rcf.usc.edu/~pancheva/bhatt-pancheva_syncom.pdf},
  VOLUME        = {1},
  YEAR          = {2006},
}

@ARTICLE{gillies:2009:truth-conditions,
  AUTHOR        = {Gillies, Anthony S.},
  DOI           = {10.1215/00318108-2009-002},
  JOURNALTITLE  = {The Philosophical Review},
  KEYWORDS      = {conditionals},
  NUMBER        = {3},
  PAGES         = {325-349},
  SLUG          = {truth-conditions},
  TITLE         = {On Truth-Conditions for \emph{if} (But Not Quite Only \emph{if})},
  VOLUME        = {118},
  YEAR          = {2009},
}

@ARTICLE{gillies:2010:iffiness,
  AUTHOR        = {Gillies, Anthony S.},
  DOI           = {10.3765/sp.3.4},
  JOURNALTITLE  = {Semantics and Pragmatics},
  KEYWORDS      = {conditionals, modality, epistemic, if-clauses, indicatives, dynamic semantics},
  NUMBER        = {4},
  PAGES         = {1--42},
  SLUG          = {iffiness},
  TITLE         = {Iffiness},
  VOLUME        = {3},
  YEAR          = {2010},
}

@ARTICLE{belnap:1970:restricted,
  AUTHOR        = {Belnap, Nuel D., Jr.},
  DOI           = {10.2307/2214285},
  JOURNALTITLE  = {No{Ã»}s},
  KEYWORDS      = {conditionals, presupposition, quantification, assertion},
  NUMBER        = {1},
  PAGES         = {1-12},
  SLUG          = {restricted},
  TITLE         = {Conditional Assertion and Restricted Quantification},
  VOLUME        = {4},
  YEAR          = {1970},
}

@INCOLLECTION{belnap:1973:restricted,
  AUTHOR        = {Belnap, Nuel D., Jr.},
  BOOKTITLE     = {Truth, Syntax and Modality: Proceedings of the {T}emple {U}niversity Conference on Alternative Semantics},
  EDITOR        = {Leblanc, Hugues},
  KEYWORDS      = {conditionals, assertion, presupposition, quantification},
  LOCATION      = {Amsterdam},
  PAGES         = {48-75},
  PUBLISHER     = {North-Holland},
  SERIES        = {Studies in Logic and the Foundations of Mathematics},
  SLUG          = {restricted},
  TITLE         = {Restricted Quantification and Conditional Assertion},
  VOLUME        = {68},
  YEAR          = {1973},
}

@UNPUBLISHED{fintel:2007:gurt-slides,
  AUTHOR        = {von Fintel, Kai},
  KEYWORDS      = {conditionals, restrictions, Lewis, Kratzer, Heim, Belnap, ntv, epistemic},
  NOTE          = {Slides from a plenary address given at the Georgetown University Roundtable, March 8, 2007},
  SLUG          = {gurt-slides},
  TITLE         = {\emph{If}: The Biggest Little Word},
  URL           = {http://mit.edu/fintel/gurt-slides.pdf},
  YEAR          = {2007},
}

@THESIS{huitink:2008:thesis,
  AUTHOR        = {Huitink, Janneke},
  INSTITUTION   = {Radboud Universiteit Nijmegen},
  KEYWORDS      = {conditionals, modality, modal concord, compositionality, anankastic},
  SLUG          = {thesis},
  TITLE         = {Modals, Conditionals and Compositionality},
  TYPE          = {phdthesis},
  URL           = {http://user.uni-frankfurt.de/~huitink/Huitink-dissertation.pdf},
  YEAR          = {2008},
}

@UNPUBLISHED{huitink:2009:domain-conditionals,
  AUTHOR        = {Huitink, Janneke},
  KEYWORDS      = {conditionals, Belnap},
  NOTE          = {ms, Goethe-University Frankfurt},
  SLUG          = {domain-conditionals},
  TITLE         = {Domain Restriction by Conditional Connectives},
  URL           = {http://semanticsarchive.net/Archive/zg2MDM4M/Huitink-domainrestriction.pdf},
  YEAR          = {2009},
}

@BOOK{pollock:1976:subjunctive,
  AUTHOR        = {Pollock, John},
  BOOKTITLE     = {Subjunctive Reasoning},
  KEYWORDS      = {conditionals},
  LOCATION      = {Dordrecht},
  PUBLISHER     = {Reidel},
  SLUG          = {subjunctive},
  TITLE         = {Subjunctive Reasoning},
  YEAR          = {1976},
}

@ARTICLE{herzberger:1979:consistency,
  AUTHOR        = {Herzberger, Hans},
  DOI           = {10.2307/2025977},
  JOURNALTITLE  = {The Journal of Philosophy},
  KEYWORDS      = {conditionals, limit assumption},
  NUMBER        = {2},
  PAGES         = {83-88},
  SLUG          = {consistency},
  TITLE         = {Counterfactuals and Consistency},
  VOLUME        = {76},
  YEAR          = {1979},
}

@ARTICLE{warmbrod:1982:limit,
  AUTHOR        = {Warmbrod, Ken},
  DOI           = {10.1007/BF00372840},
  JOURNALTITLE  = {Philosophical Studies},
  KEYWORDS      = {conditionals, limit assumption},
  NUMBER        = {1},
  PAGES         = {53-66},
  SLUG          = {limit},
  TITLE         = {A Defense of the Limit Assumption},
  VOLUME        = {42},
  YEAR          = {1982},
}

@INCOLLECTION{prior:1958:escapism,
  AUTHOR        = {Prior, A. N.},
  BOOKTITLE     = {Essays in Moral Philosophy},
  EDITOR        = {Melden, A. I.},
  KEYWORDS      = {modality, deontic, logic, Samaritan},
  LOCATION      = {Seattle},
  PAGES         = {135-146},
  PUBLISHER     = {University of Washington Press},
  SLUG          = {escapism},
  TITLE         = {Escapism: The Logical Basis of Ethics},
  YEAR          = {1958},
}

@ARTICLE{lewis:1981:ordering,
  AUTHOR        = {Lewis, David},
  DOI           = {10.1007/BF00248850},
  JOURNALTITLE  = {Journal of Philosophical Logic},
  KEYWORDS      = {conditionals, counterfactuals, possible worlds},
  NOTE          = {Reprinted in David Lewis, \emph{Papers in Philosophical Logic}, Cambridge: Cambridge University Press, 1998, pp. 77-96.},
  NUMBER        = {2},
  PAGES         = {217-234},
  SLUG          = {ordering},
  TITLE         = {Ordering Semantics and Premise Semantics for Counterfactuals},
  VOLUME        = {10},
  YEAR          = {1981},
}

@THESIS{frank:1996:dissertation,
  AUTHOR        = {Frank, Anette},
  INSTITUTION   = {Universit{Ã¤}t Stuttgart},
  KEYWORDS      = {modality, context},
  SLUG          = {dissertation},
  TITLE         = {Context Dependence in Modal Constructions},
  TYPE          = {phdthesis},
  URL           = {http://www.cl.uni-heidelberg.de/~frank/papers/header.pdf},
  YEAR          = {1996},
}

@UNPUBLISHED{fintel-iatridou:2005:harlem,
  AUTHOR        = {von Fintel, Kai and Iatridou, Sabine},
  KEYWORDS      = {modality, conditionals, anankastic},
  NOTE          = {ms, MIT},
  SLUG          = {harlem},
  TITLE         = {What to Do If You Want to Go to {H}arlem: Anankastic Conditionals and Related Matters},
  URL           = {http://mit.edu/fintel/fintel-iatridou-2005-harlem.pdf},
  YEAR          = {2005},
}

@INCOLLECTION{fintel-iatridou:2008:ought,
  AUTHOR        = {von Fintel, Kai and Iatridou, Sabine},
  BOOKTITLE     = {Time and Modality},
  DOI           = {10.1007/978-1-4020-8354-9},
  EDITOR        = {Gu{Ã©}ron, Jacqueline and Lecarme, Jacqueline},
  KEYWORDS      = {modality, ought},
  NUMBER        = {75},
  PAGES         = {115--141},
  PUBLISHER     = {Springer},
  SERIES        = {Studies in Natural Language and Linguistic Theory},
  SLUG          = {ought},
  TITLE         = {How to Say \emph{ought} in {Foreign}: The Composition of Weak Necessity Modals},
  YEAR          = {2008},
}

@INCOLLECTION{fintel:2001:counterfactuals,
  AUTHOR        = {von Fintel, Kai},
  BOOKTITLE     = {Ken {H}ale: A Life in Language},
  EDITOR        = {Kenstowicz, Michael},
  KEYWORDS      = {conditionals, counterfactuals, dynamic semantics},
  PAGES         = {123-152},
  PUBLISHER     = {MIT Press},
  SLUG          = {counterfactuals},
  TITLE         = {Counterfactuals in a Dynamic Context},
  URL           = {http://mit.edu/fintel/fintel-2001-counterfactuals.pdf},
  YEAR          = {2001},
}

@ARTICLE{gillies:2007:scorekeeping,
  AUTHOR        = {Gillies, Anthony S.},
  DOI           = {10.1007/s10988-007-9018-6},
  JOURNALTITLE  = {Linguistics and Philosophy},
  KEYWORDS      = {conditionals, counterfactuals, dynamicsemantics},
  NUMBER        = {3},
  PAGES         = {329-360},
  SLUG          = {scorekeeping},
  TITLE         = {Counterfactual Scorekeeping},
  VOLUME        = {30},
  YEAR          = {2007},
}

@ARTICLE{schlenker:2004:conditionals,
  AUTHOR        = {Schlenker, Philippe},
  DOI           = {10.1007/s11168-004-0908-2},
  JOURNALTITLE  = {Research on Language and Computation},
  KEYWORDS      = {conditionals, definite descriptions},
  NUMBER        = {3},
  PAGES         = {417-462},
  SLUG          = {conditionals},
  TITLE         = {Conditionals as Definite Descriptions ({A} Referential Analysis)},
  VOLUME        = {2},
  YEAR          = {2004},
}

@ARTICLE{musan:1997:lifetime,
  AUTHOR        = {Musan, Renate},
  BOOKTITLE     = {Tense, Predicates, and Lifetime Effects},
  DOI           = {10.1023/A:1008281017969},
  JOURNALTITLE  = {Natural Language Semantics},
  KEYWORDS      = {tense, grice, lifetime effects, kratzer},
  NUMBER        = {3},
  PAGES         = {271-301},
  SLUG          = {lifetime},
  TITLE         = {Tense, Predicates, and Lifetime Effects},
  VOLUME        = {5},
  YEAR          = {1997},
}

@ARTICLE{partee:1973:analogies,
  AUTHOR        = {Partee, Barbara H.},
  DOI           = {10.2307/2025024},
  JOURNALTITLE  = {The Journal of Philosophy},
  KEYWORDS      = {tense, pronouns, reference},
  NUMBER        = {18},
  PAGES         = {601-609},
  SLUG          = {analogies},
  TITLE         = {Some Structural Analogies Between Tenses and Pronouns in {E}nglish},
  VOLUME        = {70},
  YEAR          = {1973},
}

@ARTICLE{ogihara:1995:tense-embedded,
  AUTHOR        = {Ogihara, Toshiyuki},
  JOURNALTITLE  = {Linguistic Inquiry},
  KEYWORDS      = {tense, embedding},
  NUMBER        = {4},
  PAGES         = {663-679},
  SLUG          = {tense-embedded},
  TITLE         = {The Semantics of Tense in Embedded Clauses},
  URL           = {http://www.jstor.org/stable/4178918},
  VOLUME        = {26},
  YEAR          = {1995},
}

@ARTICLE{partee:1984:anaphora,
  AUTHOR        = {Partee, Barbara H.},
  DOI           = {10.1007/BF00627707},
  JOURNALTITLE  = {Linguistics and Philosophy},
  KEYWORDS      = {tense, anaphora},
  NUMBER        = {3},
  PAGES         = {243-286},
  SLUG          = {anaphora},
  TITLE         = {Nominal and Temporal Anaphora},
  VOLUME        = {7},
  YEAR          = {1984},
}

@BOOK{bennett-partee:1978:tense-aspect,
  AUTHOR        = {Bennett, Michael and Partee, Barbara},
  BOOKTITLE     = {Toward the Logic of Tense and Aspect in {E}nglish},
  KEYWORDS      = {tense, aspect, progressive},
  PUBLISHER     = {Indiana University Linguistics Club},
  SLUG          = {tense-aspect},
  TITLE         = {Toward the Logic of Tense and Aspect in {E}nglish},
  YEAR          = {1978},
}

@UNPUBLISHED{ejerhed:1974:tense,
  AUTHOR        = {Ejerhed, Eva},
  KEYWORDS      = {tense},
  NOTE          = {Monographs from the Institute of Linguistics, University of Stockholm, No. 1},
  SLUG          = {tense},
  TITLE         = {The syntax and semantics of {E}nglish tense markers},
  YEAR          = {1974},
}

@ARTICLE{cooper:1986:tense,
  AUTHOR        = {Cooper, Robin},
  DOI           = {10.1007/BF00627433},
  JOURNALTITLE  = {Linguistics and Philosophy},
  KEYWORDS      = {tense, present, situation semantics},
  NUMBER        = {1},
  PAGES         = {17-36},
  SLUG          = {tense},
  TITLE         = {Tense and Discourse Location in Situation Semantics},
  VOLUME        = {9},
  YEAR          = {1986},
}

@BOOK{rothstein:2004:events,
  AUTHOR        = {Rothstein, Susan},
  KEYWORDS      = {events, aspect},
  PUBLISHER     = {Blackwell},
  SERIES        = {Explorations in Semantics},
  SLUG          = {events},
  TITLE         = {Structuring Events: A Study in the Semantics of Lexical Aspect},
  URL           = {http://tinyurl.com/rothstein-aktionsarten},
  YEAR          = {2004},
}

@ARTICLE{portner:1998:progressive,
  AUTHOR        = {Portner, Paul},
  DOI           = {10.2307/417002},
  JOURNALTITLE  = {Language},
  JSTOR         = {http://www.jstor.org/stable/417002},
  KEYWORDS      = {progressive, tense, aspect, modality, inertia, events},
  NUMBER        = {4},
  PAGES         = {760-787},
  SLUG          = {progressive},
  TITLE         = {The Progressive in Modal Semantics},
  VOLUME        = {74},
  YEAR          = {1998},
}

@ARTICLE{ogihara:2007:tense,
  AUTHOR        = {Ogihara, Toshiyuki},
  DOI           = {10.1016/j.lingua.2005.01.002},
  JOURNALTITLE  = {Lingua},
  KEYWORDS      = {tense, aspect},
  NUMBER        = {2},
  PAGES         = {392-418},
  SLUG          = {tense},
  TITLE         = {Tense and Aspect in Truth-Conditional Semantics},
  VOLUME        = {117},
  YEAR          = {2007},
}

@ARTICLE{dowty:1977:progressive,
  AUTHOR        = {Dowty, David R.},
  DOI           = {10.1007/BF00351936},
  JOURNALTITLE  = {Linguistics and Philosophy},
  KEYWORDS      = {progressive, imperfective, aspect},
  NUMBER        = {1},
  PAGES         = {45-77},
  SLUG          = {progressive},
  TITLE         = {Toward a Semantic Analysis of Verb Aspect and the English `Imperfective' Progressive},
  VOLUME        = {1},
  YEAR          = {1977},
}

@ARTICLE{landman:1992:progressive,
  AUTHOR        = {Landman, Fred},
  DOI           = {10.1007/BF02342615},
  JOURNALTITLE  = {Natural Language Semantics},
  KEYWORDS      = {progressive, aspect},
  NUMBER        = {1},
  PAGES         = {1-32},
  SLUG          = {progressive},
  TITLE         = {The Progressive},
  VOLUME        = {1},
  YEAR          = {1992},
}

@ARTICLE{stechow:1995:proper-tense,
  AUTHOR        = {von Stechow, Arnim},
  JOURNALTITLE  = {Semantics and Linguistic Theory ({SALT})},
  KEYWORDS      = {tense},
  SLUG          = {proper-tense},
  TITLE         = {On the Proper Treatment of Tense},
  URL           = {http://www2.sfs.uni-tuebingen.de/~arnim10/Aufsaetze/SALT95.pdf},
  VOLUME        = {5},
  YEAR          = {1995},
}

@UNPUBLISHED{stechow:2009:tenses,
  AUTHOR        = {von Stechow, Arnim},
  KEYWORDS      = {tense},
  NOTE          = {To be published in Wolfgang Klein (ed) \emph{The Expression of Time in Language}},
  SLUG          = {tenses},
  TITLE         = {Tenses in Compositional Semantics},
  URL           = {http://www2.sfs.uni-tuebingen.de/~arnim10/Aufsaetze/Approaches.pdf},
  YEAR          = {2009},
}

@ARTICLE{sauerland-elbourne:2002:total,
  AUTHOR        = {Sauerland, Uli and Elbourne, Paul},
  DOI           = {10.1162/002438902317406722},
  JOURNALTITLE  = {Linguistic Inquiry},
  KEYWORDS      = {scope, raising, reconstruction},
  NUMBER        = {2},
  PAGES         = {283-319},
  SLUG          = {total},
  TITLE         = {Total Reconstruction, PF Movement, and Derivational Order},
  VOLUME        = {33},
  YEAR          = {2002},
}

@INPROCEEDINGS{chomsky:1993:minimalist,
  AUTHOR        = {Chomsky, Noam},
  BOOKTITLE     = {The View from Building 20: Essays in Linguistics in Honor of Sylvain Bromberger},
  EDITOR        = {Hale, Kenneth and Keyser, Samuel Jay},
  LOCATION      = {Cambridge, MA},
  PAGES         = {1--52},
  PUBLISHER     = {MIT Press},
  SLUG          = {minimalist},
  TITLE         = {A Minimalist Program for Linguistic Theory},
  YEAR          = {1993},
}

@THESIS{may:1977:thesis,
  AUTHOR        = {May, Robert},
  INSTITUTION   = {Massachusetts Institute of Technology},
  KEYWORDS      = {quantification, QR},
  SLUG          = {thesis},
  TITLE         = {The Grammar of Quantification},
  TYPE          = {phdthesis},
  YEAR          = {1977},
}

@THESIS{fodor-diss,
  AUTHOR      = {Janet Dean Fodor},
  INSTITUTION = {Massachusetts Institute of Technology},
  NOTE        = {Published in 1976 by Indiana University Linguistics Club and in 1979 in the Series ``Outstanding Dissertations in Linguistics'' by Garland},
  TITLE       = {The Linguistic Description of Opaque Contexts},
  TYPE        = {phdthesis},
  YEAR        = {1970},
}

@INPROCEEDINGS{bauerle:1983:nps,
  AUTHOR        = {B{Ã¤}uerle, Rainer},
  BOOKTITLE     = {Allgemeine Sprachwissenschaft, Sprachtypologie und Textlinguistik: Festschrift f{Ã¼}r Peter Hartmann},
  EDITOR        = {Faust, M. and Harweg, R. and Lehfeldt, W. and Wienold, G.},
  KEYWORDS      = {indexicality, context-dependency, de dicto, de re, NPs},
  PAGES         = {121-131},
  PUBLISHER     = {Narr T{Ã¼}bingen},
  SLUG          = {NPs},
  TITLE         = {Pragmatisch-Semantische Aspekte der {NP}-Interpretation},
  YEAR          = {1983},
}

@ARTICLE{percus:other00,
  AUTHOR       = {Orin Percus},
  JOURNALTITLE = {Natural Language Semantics},
  NUMBER       = {3},
  PAGES        = {173--229},
  TITLE        = {Constraints on Some Other Variables in Syntax},
  VOLUME       = {8},
  YEAR         = {2000},
}

@BOOK{fox:2000,
  AUTHOR    = {Danny Fox},
  PUBLISHER = {MIT Press},
  TITLE     = {Economy and Semantic Interpretation},
  YEAR      = {2000},
}

@THESIS{beck:diss,
  AUTHOR      = {Sigrid Beck},
  INSTITUTION = {Universit{Ã¤}t T{Ã¼}bingen},
  TITLE       = {{\emph{Wh}}--Constructions and Transparent Logical Form},
  TYPE        = {phdthesis},
  YEAR        = {1996},
}

@INCOLLECTION{larson:grammar-intensionality,
  AUTHOR    = {Richard Larson},
  BOOKTITLE = {On Logical Form},
  EDITOR    = {G. Preyer},
  PUBLISHER = {Oxford University Press},
  TITLE     = {The Grammar of Intensionality},
  YEAR      = {2002},
}

@BOOK{cresswell:entities,
  AUTHOR    = {Max Cresswell},
  PUBLISHER = {Kluwer Dordrecht},
  TITLE     = {Entities and Indices},
  YEAR      = {1990},
}

@ARTICLE{kamp:now,
  AUTHOR       = {Hans Kamp},
  JOURNALTITLE = {Theoria},
  PAGES        = {227--273},
  TITLE        = {Formal Properties of Now},
  VOLUME       = {37},
  YEAR         = {1971},
}

@ARTICLE{groenendijk-stokhof:L&P:82,
  AUTHOR       = {Jeroen Groenendijk and Martin Stokhof},
  JOURNALTITLE = {Linguistics and Philosophy},
  PAGES        = {175--233},
  TITLE        = {Semantic Analysis of \emph{Wh}-Complements},
  VOLUME       = {5},
  YEAR         = {1982},
}

@THESIS{may:diss,
  AUTHOR      = {Robert May},
  INSTITUTION = {Massachusetts Institute of Technology},
  TITLE       = {The Grammar of Quantification},
  TYPE        = {phdthesis},
  YEAR        = {1977},
}

@ARTICLE{abusch:1994:indefinites,
  AUTHOR        = {Abusch, Dorit},
  DOI           = {10.1007/BF01250400},
  JOURNALTITLE  = {Natural Language Semantics},
  KEYWORDS      = {indefinites, widescope},
  NUMBER        = {2},
  PAGES         = {83-135},
  SLUG          = {indefinites},
  TITLE         = {The Scope of Indefinites},
  VOLUME        = {2},
  YEAR          = {1994},
}

@ARTICLE{reinhart:scope:97,
  AUTHOR       = {Tanya Reinhart},
  JOURNALTITLE = {Linguistics \& Philosophy},
  NUMBER       = {4},
  PAGES        = {335--397},
  TITLE        = {Quantifier Scope -- How Labor is Divided between {QR} and Choice Functions},
  VOLUME       = {20},
  YEAR         = {1997},
}

@ARTICLE{winter:choice:97,
  AUTHOR       = {Yoad Winter},
  JOURNALTITLE = {Linguistics and Philosophy},
  PAGES        = {399--467},
  TITLE        = {Choice Functions and the Scopal Semantics of Indefinites},
  VOLUME       = {20},
  YEAR         = {1997},
}

@ARTICLE{matthewson:widescope:99,
  AUTHOR       = {Lisa Matthewson},
  JOURNALTITLE = {Natural Language Semantics},
  NUMBER       = {1},
  TITLE        = {On the Interpretation of Wide-Scope Indefinites},
  VOLUME       = {7},
  YEAR         = {1999},
}

@INPROCEEDINGS{kratzer:pseudo:98,
  AUTHOR    = {Angelika Kratzer},
  BOOKTITLE = {Events and Grammar},
  EDITOR    = {Susan Rothstein},
  PAGES     = {163--196},
  PUBLISHER = {Kluwer Dordrecht},
  TITLE     = {Scope or Pseudoscope? Are there Wide-Scope Indefinites?},
  YEAR      = {1998},
}

@UNPUBLISHED{sharvit:howmany:98,
  AUTHOR = {Yael Sharvit},
  NOTE   = {University of Pennsylvania},
  TITLE  = {{\emph{How many}} Questions and Attitude Verbs},
  YEAR   = {1998},
}

@UNPUBLISHED{bhatt:locality:99,
  AUTHOR        = {Rajesh Bhatt},
  NOTE          = {Handout for Talk Presented at UT Austin and MIT},
  TITLE         = {Locality in Apparently Non-Local Relativization: Correlatives in the Modern Indo-Aryan Languages},
  YEAR          = {1999},
}

@ARTICLE{prior:now,
  AUTHOR       = {Arthur Prior},
  JOURNALTITLE = {No{Ã»}s},
  PAGES        = {191--207},
  TITLE        = {Now},
  VOLUME       = {2},
  YEAR         = {1968},
}

@THESIS{vlach:diss,
  AUTHOR      = {Frank Vlach},
  INSTITUTION = {UCLA},
  TITLE       = {{\emph{Now}} and {\emph{Then}}: {A} Formal Study in the Logic of Tense Anaphora},
  TYPE        = {phdthesis},
  YEAR        = {1973},
}

@ARTICLE{vanbenthem:tenselogic,
  AUTHOR       = {Johan van Benthem},
  JOURNALTITLE = {Logique et Analyse},
  PAGES        = {395--437},
  TITLE        = {Tense Logic and Standard Logic},
  VOLUME       = {20},
  YEAR         = {1977},
}

@INPROCEEDINGS{saarinen:backward,
  AUTHOR    = {Esa Saarinen},
  BOOKTITLE = {Essays on Mathematical and Philosophical Logic},
  EDITOR    = {Jaako Hintikka and I. Niiniluoto and Esa Saarinen},
  PUBLISHER = {Reidel Dordrecht},
  TITLE     = {Backwards-Looking Operators in Tense Logic and in Natural Language},
  YEAR      = {1979},
}

@ARTICLE{crossley-humberstone,
  AUTHOR       = {J. N. Crossley and I. L. Humberstone},
  JOURNALTITLE = {Reports on Mathematical Logic},
  PAGES        = {11--29},
  TITLE        = {The Logic of {\emph{Actually}}},
  VOLUME       = {8},
  YEAR         = {1977},
}

@ARTICLE{segerberg,
  AUTHOR       = {K. Segerberg},
  JOURNALTITLE = {Journal of Philosophical Logic},
  PAGES        = {76--96},
  TITLE        = {Two-Dimensional Modal Logic},
  VOLUME       = {2},
  YEAR         = {1973},
}

@ARTICLE{aqvist:1973:modal,
  AUTHOR        = {{Ã}qvist, Lennart},
  DOI           = {10.1007/BF02115609},
  JOURNALTITLE  = {Journal of Philosophical Logic},
  KEYWORDS      = {conditionals, modal logic, dispositionals},
  NUMBER        = {1},
  PAGES         = {1-76},
  SLUG          = {modal},
  TITLE         = {Modal Logic with Subjunctive Conditionals and Dispositional Predicates},
  VOLUME        = {2},
  YEAR          = {1973},
}

@ARTICLE{lewis:anselm,
  AUTHOR        = {David Lewis},
  JOURNALTITLE  = {No{Ã»}s},
  NOTE          = {Reprinted (with a postscript) in Lewis \citep[pp. 10--25]{lewis:1983:philpapers-1}},
  PAGES         = {175--188},
  TITLE         = {Anselm and Actuality},
  VOLUME        = {4},
  YEAR          = {1970},
}

@ARTICLE{vaninwagen:actuality,
  AUTHOR       = {Peter van Inwagen},
  JOURNALTITLE = {Philosophical Review},
  PAGES        = {403--426},
  TITLE        = {Indexicality and Actuality},
  VOLUME       = {89},
  YEAR         = {1980},
}

@ARTICLE{hazen:actuality,
  AUTHOR       = {Allen Hazen},
  JOURNALTITLE = {Analysis},
  PAGES        = {1--3},
  TITLE        = {One of the Truths about Actuality},
  VOLUME       = {39},
  YEAR         = {1979},
}

@BOOK{prior-fine,
  AUTHOR    = {A. N. Prior and Kit Fine},
  PUBLISHER = {London: Duckworth},
  TITLE     = {Worlds, Times, and Selves},
  YEAR      = {1977},
}

@ARTICLE{peacocke:necessity,
  AUTHOR       = {Christopher Peacocke},
  JOURNALTITLE = {Journal of Philosophical Logic},
  PAGES        = {473--500},
  TITLE        = {Necessity and Truth Theories},
  VOLUME       = {7},
  YEAR         = {1978},
}

@ARTICLE{forbes:physicalism,
  AUTHOR       = {Graeme Forbes},
  JOURNALTITLE = {Journal of Philosophical Logic},
  PAGES        = {271--298},
  TITLE        = {Physicalism, Instrumentalism, and the Semantics of Modal Logic},
  VOLUME       = {12},
  YEAR         = {1983},
}

@BOOK{forbes:metaphysics,
  AUTHOR    = {Graeme Forbes},
  PUBLISHER = {Oxford: Clarendon Press},
  TITLE     = {The Metaphysics of Modality},
  YEAR      = {1985},
}

@BOOK{forbes:possibility,
  AUTHOR    = {Graeme Forbes},
  PUBLISHER = {Oxford: Blackwell},
  TITLE     = {Languages of Possibility},
  YEAR      = {1989},
}

@THESIS{enc:diss,
  AUTHOR      = {M{Ã¼}rvet En{Ã§}},
  INSTITUTION = {University of Wisconsin, Madison},
  TITLE       = {Tense without Scope: An Analysis of Nouns as Indexicals},
  TYPE        = {phdthesis},
  YEAR        = {1981},
}

@ARTICLE{enc:L&P:86,
  AUTHOR       = {M{Ã¼}rvet En{Ã§}},
  JOURNALTITLE = {Linguistics and Philosophy},
  PAGES        = {405--426},
  TITLE        = {Towards a Referential Analysis of Temporal Expressions},
  VOLUME       = {9},
  YEAR         = {1986},
}

@INPROCEEDINGS{ejerhed:tense,
  AUTHOR    = {Eva Ejerhed},
  BOOKTITLE = {Ambiguities in Intensional Contexts},
  EDITOR    = {Frank Heny},
  PAGES     = {231--252},
  PUBLISHER = {Reidel Dordrecht},
  TITLE     = {Tense as a Source of Intensional Ambiguity},
  YEAR      = {1980},
}

@THESIS{musan:diss,
  AUTHOR      = {Renate Musan},
  INSTITUTION = {Massachusetts Institute of Technology},
  NOTE        = {Published in 1997 in the Series ``Outstanding Dissertations in Linguistics'' by Garland},
  TITLE       = {On the Temporal Interpretation of Noun Phrases},
  TYPE        = {phdthesis},
  YEAR        = {1995},
}

@ARTICLE{wiltschko:tenseond,
  AUTHOR       = {Martina Wiltschko},
  JOURNALTITLE = {Lingua},
  NUMBER       = {7},
  PAGES        = {659--696},
  TITLE        = {On the Interpretability of Tense on {D} and its Consequences for Case Theory},
  URL          = {http://dx.doi.org/10.1016/S0024-3841(02)00116-X},
  VOLUME       = {113},
  YEAR         = {2003},
}

@ARTICLE{ioup:specificity77,
  AUTHOR       = {Georgette Ioup},
  JOURNALTITLE = {Linguistics and Philosophy},
  NUMBER       = {2},
  PAGES        = {233--245},
  TITLE        = {Specificity and the Interpretation of Quantifiers},
  VOLUME       = {1},
  YEAR         = {1977},
}

@INCOLLECTION{hellan:scope78,
  AUTHOR    = {Lars Hellan},
  BOOKTITLE = {Ambiguities in Intensional Contexts},
  PUBLISHER = {Dordrecht: Reidel},
  TITLE     = {On Semantic Scope},
  YEAR      = {1978},
}

@INCOLLECTION{bonomi:transp95,
  AUTHOR    = {Andrea Bonomi},
  BOOKTITLE = {On Quine},
  EDITOR    = {P. Leonardi and M. Santambrogio},
  PAGES     = {164--185},
  PUBLISHER = {Cambridge University Press},
  TITLE     = {Transparency and Specificity in Intensional Contexts},
  YEAR      = {1995},
}

@INCOLLECTION{farkas:scope97,
  AUTHOR    = {Donka Farkas},
  BOOKTITLE = {Ways of Scope Taking},
  EDITOR    = {Anna Szabolcsi},
  PAGES     = {183--215},
  PUBLISHER = {Dordrecht: Kluwer},
  TITLE     = {Evaluation Indices and Scope},
  YEAR      = {1997},
}

@INPROCEEDINGS{heim:artikel,
  AUTHOR    = {Irene Heim},
  BOOKTITLE = {Semantics: An International Handbook of Contemporary Research},
  EDITOR    = {Arnim von Stechow and Dieter Wunderlich},
  PAGES     = {487--535},
  PUBLISHER = {de Gruyter},
  TITLE     = {Artikel und Definitheit},
  YEAR      = {1991},
}

@ARTICLE{tichy:approach,
  AUTHOR       = {Pavel Tichy},
  JOURNALTITLE = {No{Ã»}s},
  PAGES        = {273--297},
  TITLE        = {An Approach to Intensional Analysis},
  VOLUME       = {5},
  YEAR         = {1971},
}

@BOOK{gallin:intensional,
  AUTHOR    = {D. Gallin},
  PUBLISHER = {North-Holland Amsterdam},
  TITLE     = {Intensional and Higher-Order Modal Logic},
  YEAR      = {1975},
}

@ARTICLE{zimmermann:diss,
  AUTHOR       = {Thomas Ede Zimmermann},
  JOURNALTITLE = {Journal of Symbolic Logic},
  PAGES        = {65--77},
  TITLE        = {Intensional Logic and Two-Sorted Type Theory},
  VOLUME       = {54},
  YEAR         = {1989},
}

@INCOLLECTION{bricker:pluraldere:89,
  AUTHOR    = {Phillip Bricker},
  BOOKTITLE = {Contemporary Perspectives in the Philosophy of Language II},
  EDITOR    = {French and Uehling and Wettstein},
  PAGES     = {372--394},
  PUBLISHER = {University of Notre Dame Press},
  SERIES    = {Midwest Studies in Philosophy, Vol. 14},
  TITLE     = {Quantified Modal Logic and the Plural De Re},
  YEAR      = {1989},
}

